2842 4558
645 295 783 390 3„

127 506 202 554 mos
232 485 276 554 ad
297 483 678 576 fortiter-pugnandum
695 484 917 566 excitaverat,
943 507 1029 572 quae
1050 485 1185 574 διχοστα-

124 585 267 658 coemisti
289 591 433 680 appellat
454 591 585 657 Strabo.
629 589 722 657 Hinc
736 589 856 658 Horat.
873 611 977 656 carm.
999 592 1046 670 11,
1069 595 1119 676 15,
1133 595 1185 662 26.

124 701 171 760 Et
194 711 224 757 te
246 711 414 760 sonantem
428 701 560 780 plenius
575 715 687 772 aureo,
710 698 832 758 Alcaeo
838 699 991 776 ,plectro
1014 701 1099 761 dura
1123 723 1185 764 na-

125 808 196 878 vis,
227 805 324 866 Dura
338 805 452 885 fugae
473 805 563 864 mola
570 802 697 875 ,duro
727 801 811 862 betti.
882 803 1058 884 Utrumque
1089 828 1183 869 sacro

125 909 232 988 digna
252 905 379 968 sileritio
400 911 572 971 Mirantur
598 908 731 967 umbrae
754 905 880 980 dicem
908 910 967 968 sed
985 911 1095 989 magis
1115 913 1184 971 Pu-

121 1033 212 1091 gnas
227 1025 269 1084 „st
296 1025 429 1074 exactos
465 1026 621 1092 ιγναιιιοε
648 1014 793 1072 Densum
820 1009 963 1071 humeris
992 1013 1076 1073 bibit
1103 1001 1182 1077 aure

122 1117 255 1196 vulgus.¹
291 1113 371 1199 Quo
388 1115 585 1205 ¹respiciens
601 1113 724 1200 Quint.
745 1113 794 1192 X,
819 1134 848 1189 1,
870 1114 923 1181 65.
943 1118 1103 1193 Auseae,
1124 1117 1181 1184 in-

121 1219 203 1304 quit,
222 1225 258 1283 in
273 1235 375 1302 porto
391 1228 499 1304 operis
520 1245 620 1285 aureo
640 1225 764 1302 plectro
785 1225 899 1282 merito
915 1222 1066 1298 donatur,
1098 1229 1180 1306 quia

103 1319 280 1406 ‘tyrannos
308 1331 486 1390 insectatus
514 1331 648 1390 muham
675 1333 776 1388 etium
804 1327 948 1388 moribus
968 1329 1097 1408 confert
1114 1331 1178 1407 ¹0).

118 1427 254 1493 Eodem
284 1430 468 1520 praecipue
495 1443 642 1520 spectare
673 1429 808 1496 videtur
829 1429 993 1496 iudicium
1020 1430 1179 1520 Dionysii
1208 1445 1212 1454 '

117 1531 231 1599 Halic.
260 1534 320 1622 qui
347 1535 629 1624 magnificentiam
656 1559 696 1602 ac
725 1535 944 1614 brevitatem,
979 1534 1177 1604 suavitatem

119 1657 199 1704 oum
227 1663 359 1708 summa
379 1643 435 1724 vi,
465 1641 593 1709 formas
622 1653 655 1708 et
683 1641 806 1729 figuras
830 1663 912 1706 eum
941 1643 1176 1732 perspicuitate

119 1744 331 1827 coniunctas,
366 1746 535 1838 imprimis
558 1748 848 1814 accommodatum
876 1747 918 1812 de
940 1748 1039 1813 rebus
1067 1750 1177 1816 civili-

117 1847 181 1916 bus
202 1851 336 1920 dicendi
356 1875 461 1942 genus
490 1855 527 1920 in
555 1878 595 1920 eo
624 1854 739 1920 laudat
757 1852 817 1936 ¹¹).
860 1851 949 1920 Aliis
972 1854 1175 1921 carminibus

115 1957 600 2027 conviviorum'iucnnditatem
611 1959 854 2038 celebraverat3
876 1958 1011 2046 adquae
1024 1971 1176 2048 spectare

83 2049 87 2060 ’
113 2062 260 2154 videtur,
282 2066 372 2152 quod
388 2065 587 2134 Athenaeus
601 2076 717 2132 narrat
738 2063 795 2132 lih.
809 2063 857 2130 X.
880 2087 913 2150 p.
933 2065 1008 2154 4²9·
1025 2066 1071 2132 A.
1094 2087 1173 2133 eum

114 2163 277 2250 μεθύοντα
304 2174 455 2238 cannino
473 2157 543 2238 ¹sua
576 2171 762 2262 scripsisse,
799 2168 889 2256 quod
923 2169 1013 2235 idem
1049 2170 1171 2237 Horat.
1252 2215 1255 2221 ι

115 2273 221 2362 Epist
242 2277 271 2358 1,
295 2299 346 2364 19,
366 2275 398 2342 4.
421 2277 453 2345 5.
477 2279 519 2342 de
540 2279 714 2355 Homero,
742 2275 872 2358 Ennio,
893 2275 968 2341 aliis
989 2265 1172 2362 me'morat3
1245 2327 1259 2344 ,

112 2379 161 2447 ita
189 2381 232 2447 de
250 2381 379 2450 Alcaeo
408 2381 508 2450 etiam
538 2385 644 2466 valet,
676 2383 766 2470 qaod
788 2382 985 2450 Athenaeus
1013 2381 1098 2453 ibid.
1128 2386 1171 2452 de

113 2486 333 2556 Anacreonte
359 2485 510 2571 dicit,''
491 2519 540 2558 οτι
565 2485 677 2614 cn'qaau
697 2493 732 2556 is
760 2493 804 2573 τῷ
831 2483 957 2574 γράφειν
976 2488 1029 2554 καὶ
1049 2487 1171 2576 ἀγαθὸς

113 2590 158 2660 o’is
186 2603 405 2681 προσποιεῖται
425 2595 573 2680 μεθύειν,
599 2597 656 2666 οὐκ
662 2575 772 2682 οὔσης
789 2593 930 2681 ἀνάγκης.
981 2595 1021 2659 {n
1044 2598 1170 2663 carmi·

109 2700 210 2768 nibus
230 2702 461 2770 convivalibus
483 2715 579 2770 erant
599 2699 722 2782 σκόλια,
745 2723 813 2789 quo
834 2724 956 2790 genere
976 2702 1086 2789 poesis
1107 2725 1168 2770 ex·
1177 2735 1188 2786 g
1253 2697 1257 2708 ’

110 2807 262 2874 celluisae
279 2807 448 2878 Alcaeum
470 2823 505 2878 et
525 2810 777 2878 Anacreontem
794 2809 919 2875 iudicat
939 2806 1068 2910 Athen.
1084 2809 1168 2875 XV.

110 2933 143 3002 p.
165 2915 239 3006 695.
261 2914 301 2982 F.
343 2917 420 2984 Nec
447 2929 574 3009 pugnat
601 2915 666 2982 hoe
694 2937 773 2982 eum
794 2937 852 2992 eo,
885 2914 975 3002 quod
995 2913 1054 2980 alii
1075 2913 1168 2980 iudi-

111 3075 321 3096 —n-n—

147 3168 190 3239 ιο)
214 3169 261 3228 Ad
279 3175 348 3231 haee
371 3179 492 3232 canum
514 3179 652 3248 pertinere
669 3186 741 3244 puto
764 3173 988 3246 navigationem,
1014 3173 1092 3244 quod
1109 3191 1168 3227 car-

179 3277 246 3316 men
270 3269 412 3334 scriptum*
428 3267 463 3320 sb
485 3263 591 3322 Alcaeo
614 3276 727 3319 nansut
748 3263 933 3334 Porphyrion
959 3273 987 3318 et
1010 3263 1108 3318 Acron
1133 3263 1168 3319 ad

180 3349 253 3406 Hor.
270 3353 358 3410 carm.
376 3355 418 3420 11,
439 3357 480 3410 15.
500 3354 535 3412 ci.
553 3355 589 3411 ir-
606 3353 688 3412 xvi.

147 3457 190 3522 ¹¹)
211 3455 295 3510 Tom.
307 3457 346 3512 V.
363 3475 393 3528 p.
408 3461 473 3514 421.
490 3460 535 3514 ed.
552 3459 654 3516 nense
671 3457 713 3526 (p.
722 3455 765 3528 69.
783 3453 967 3522 ed.Weeh.)s
984 3447 1115 3508 Ἀλκαίου
1137 3447 1167 3506 it

177 3536 277 3596 σκόπει
303 3543 335 3600 si
360 3545 531 3619 μεγαλοφοὲε
558 3555 606 3604 sat
622 3545 730 3618 βραχὺ,
754 3551 801 3599 sot
825 3539 878 3614 ἦδῦ
900 3537 973 3613 μετὰ
999 3537 1164 3608 δεινότητος,
1194 3579 1200 3590 .

175 3629 220 3688 ἔτι
237 3626 267 3686 δὲ
286 3629 349 3686 coito
366 3633 572 3704 αχηματεομοῦε
587 3631 660 3706 parsi
678 3637 845 3706 οαφηοείαε,
872 3627 936 3696 ὅσον
961 3623 1050 3698 eicit
1065 3625 1106 3696 μὴ
1125 3621 1170 3702 τῇ

176 3715 368 3800 imitarores
390 3716 563 3778 sentinosae·
594 3728 642 3778 stoi
662 3719 717 3793 πρὸ
737 3717 872 3778 taines
887 3717 920 3775 τὸ
941 3713 997 3774 sois
1012 3713 1165 3770 πολιτικῶν

176 3805 354 3881 πραγμοὶταν
379 3801 465 3880 ἦθος·
490 3809 632 3882 πολλαχοῦ
653 3807 721 3884 γοῦν
742 3807 774 3865 εὖ
797 3811 902 3880 μέτρον
919 3807 948 3860 ai
962 3817 1004 3860 ειε
1029 3800 1166 3874 περιέλοι,

176 3893 328 3972 infaecavit*
352 3895 390 3954 ἂν
415 3893 490 3969 εὕροι
516 3901 662 3957 πολιτείαν
686 3901 757 3972 (leg.
775 3899 974 3970 πραγματείαν
998 3909 1064 3948 cnm
1081 3891 1167 3964 Spal-

176 3985 252 4058 fflflss·
269 3989 304 4044 *d
321 3987 421 4062 Quas
439 3991 460 4046 1.
478 3987 521 4058 n).
555 3991 665 4058 Locum
677 3991 813 4058 Dionysii
828 3987 966 4056 expressit
983 3979 1084 4052 Quint.
1101 3980 1123 4036 1.
1140 3995 1166 4034 c.

174 4075 220 4134 tia
233 4095 296 4136 voc.
309 4071 384 4152 ἦθοο
409 4079 469 4140 rid.
488 4079 598 4140 Ernesti
616 4081 701 4138 lexic.
719 4077 845 4136 techuoi.
862 4091 905 4144 gr.
923 4072 996 4130 rhet.

797 4163 832 4233 A
854 4181 872 4228 a

593 4327 596 4334 '
686 4331 703 4364 N

1351 919 1363 950 l
