2842 4558
760 203 843 346 sex

256 465 373 534 relicto
395 451 532 543 ἃμπέλκμ.
553 453 645 525 idem
665 451 844 524 infeliciter
863 454 965 544 μηδέν
980 455 1013 546 χ’
1029 453 1106 528 ἄλλο
1127 475 1162 548 φ.
1212 463 1323 534 Male

256 570 353 638 etiarn
379 563 563 651 Schweigb.
591 563 714 650 μηθέν,
755 562 846 648 quod
869 575 920 630 est
946 563 1085 634 serioris
1109 569 1319 656 graecitatis.

255 675 324 744 vid.
347 670 472 738 Thom.
499 669 550 736 M.
576 670 628 757 67.
658 668 730 740 155.
773 667 959 758 Phrynicb.
986 693 1022 760 p.
1051 673 1103 756 76.
1156 680 1318 757 Nullam,

258 787 294 850 V
291 803 348 846 are
352 823 365 859 ,
390 799 490 842 sacra
509 785 574 900 pite
591 783 689 861 prius
708 783 827 842 saneris
848 779 1004 842 arborem
1046 779 1136 847 Hor.
1156 783 1185 860 I,
1211 782 1264 850 18.

337 989 479 1060 XXXI.
502 977 642 1057 ,Athen-⁸
654 985 701 1056 ib.
734 991 801 1066 cuir
822 977 877 1055 οὖν
898 985 1024 1074 ἔμελλον
1044 985 1061 1056 ὅ
1083 990 1137 1056 ἐπὶ
1158 996 1317 1062 τοσοῦτον

253 1091 424 1184 φιλοπότης
452 1090 601 1182 νηφάλιος
622 1093 718 1176 εἶναι,
752 1097 804 1161 καλ
825 1094 905 1162 καθ’
930 1087 984 1164 ἕνα
1010 1097 1062 1164 καλ
1087 1091 1144 1164 δύο
1165 1094 1314 1178 κυάθους

252 1210 369 1286 ulnam
395 1195 566 1287 οὗτὸχοῢν
587 1195 622 1266 νύ
643 1196 844 1293 perarderet,
870 1201 947 1288 φησὶ
967 1191 1135 1290 Σέλευκος,
1160 1201 1314 1295 ἀντιμαρ-

253 1319 338 1401 τυρεῖ
359 1318 425 1386 τοῖς
445 1301 541 1384 uisne
563 1305 777 1392 ἐκδεχομένοις.
802 1307 878 1393 φησὶ
897 1306 969 1396 peip·

247 1451 251 1474 .
338 1420 488 1497 πίνωμεν·
510 1415 541 1476 ci
560 1408 599 1476 τὰ
618 1405 708 1497 λύχν’
725 1411 914 1497 ἄμμένομινς
935 1409 1082 1488 δάκτυλος
1102 1409 1220 1500 cinips!

226 1561 228 1568 ·
337 1517 424 1588 udtt‘
443 1513 524 1602 ύιιρο
544 1513 695 1602 κυλίχναις
714 1513 856 1605 μεχᾶλοιις
877 1505 910 1585 υἱ
932 1516 969 1584 τὰ
990 1518 1153 1596 ποικίλαις.
1220 1587 1225 1594 ,

338 1615 421 1722 οἶνον
441 1619 650 1710 χιλρΣομέλος
670 1618 819 1700 calmetis·
841 1620 908 1712 υῐρς
924 1621 1100 1692 λαθικαδέα

335 1729 547 1818 ἆνθριύποισνν
568 1724 675 1794 ἔδωκ’.
697 1729 778 1814 ines
796 1732 912 1814 κίρκους
931 1729 1057 1810 ἔνοικοι)
1077 1725 1135 1796 δύο
1155 1801 1167 1814 χ

336 1835 474 1922 nrllslcuca
502 1829 560 1900 κᾶκ
579 1819 712 1917 κεφαλᾶς
731 1825 802 1899 ciis
820 1821 912 1923 ’ἑτέρκ
933 1819 988 1900 'ete
1008 1835 1115 1930 ἑτέραν
1134 1831 1225 1915 κύλιξ

335 1940 461 2006 ὧθκίτω

249 2052 303 2116 ἕνα
331 2044 410 2133 πρὸς
437 2037 496 2110 δύο
532 2017 632 2124 ῥομῶς
656 2031 794 2124 κιρνάναι
820 2035 961 2117 κολούων.
977 2051 995 2086 ·.
1021 2039 1138 2138 Ursin.
1165 2066 1200 2133 p.
1229 2067 1307 2118 101⁸
1402 2039 1403 2066 ¹

248 2153 322 2223 Iani
350 2176 384 2243 p.
408 2149 458 2216 16.
504 2141 629 2211 Blomf.
651 2166 703 2210 nr.
724 2141 810 2210 XX.
854 2141 1011 2229 Quatuor
1031 2146 1160 2235 primos
1181 2172 1306 2217 versus

250 2261 350 2330 affert
370 2256 470 2324 etiam
490 2251 616 2320 Athen·
631 2247 696 2318 XI.
710 2245 882 2340 p.481.A.
905 2249 996 2316 unde
1015 2247 1185 2345 ὀμμένομεν
1206 2278 1305 2322 snm·-

248 2380 365 2460 ptum,
396 2382 500 2450 quum
529 2357 552 2422 l·
581 2357 628 2422 X.
658 2367 743 2421 esset
770 2359 963 2440 οβέννυμεκ.“
988 2353 1026 2422 τὰ
1059 2353 1145 2446 λύχν’
1180 2372 1230 2425 est
1259 2382 1303 2426 ex

251 2469 484 2540 emendatione
508 2463 653 2529 Porscni
681 2459 724 2524 ad
753 2457 871 2548 Eurip2
896 2460 989 2526 Med.
1017 2461 1093 2551 494.
1144 2463 1301 2554 Utroque

249 2579 325 2648 loco
350 2573 524 2660 legebatur
551 2572 581 2634 τί
602 2563 657 2633 τὸν
677 2560 786 2652 λύχνον
804 2563 837 2662 Ι,ᾇ
887 2567 967 2634 lani·
988 2563 1151 2657 riddxsrcc
1170 2569 1200 2636 ir.
1247 2573 1301 2637 la-

161 2684 164 2693 ’
250 2682 338 2748 coba.
367 2678 552 2746 Animadtr·
581 2674 619 2742 in
648 2671 732 2739 Ath.
762 2696 795 2763 p·
813 2670 892 2742 260.
928 2678 959 2739 ei
984 2671 1103 2760 λύχνον.
1146 2675 1213 2741 Sed
1235 2677 1299 2742 du.

249 2789 320 2856 bito
328 2815 340 2866 ¹,
378 2806 461 2850 num
483 2786 552 2850 iam
574 2779 695 2849 Alcaei
716 2791 823 2846 aetate
845 2790 879 2845 et
905 2779 994 2870 apud
1016 2779 1142 2849 Acolee
1165 2781 1299 2874 Atticus

244 2915 324 2964 ,mos
346 2889 477 2958 vocales
499 2898 577 2952 ante
599 2896 728 2950 mutam
758 2907 836 2950 cum
863 2884 992 2972 liquida
1014 2887 1221 2976 corripiendi
1243 2890 1298 2954 in-

249 2997 404 3068 valuerit.
453 2994 661 3066 Sententiam
687 2987 793 3078 primi
820 3012 936 3056 versus
960 2992 1091 3080 egregie
1119 2993 1298 3060 declaravit

250 3085 388 3176 Casaub.
409 3100 451 3169 ad
472 3102 498 3168 l.
521 3100 587 3167 XI.
615 3096 800 3184 „Antiqui,
821 3118 927 3184 quum
948 3097 1020 3164 fere
1041 3097 1174 3189 parcius
1193 3121 1298 3188 pran-

250 3211 386 3290 derent,
421 3217 454 3272 et
475 3204 659 3273 coenabant
686 3202 854 3270 liberalius
881 3217 914 3272 et
938 3205 1198 3294 compotationes
1223 3227 1295 3272 suas

250 3339 291 3382 eo
313 3295 539 3380 reservabant.
589 3309 743 3397 Tempus
773 3318 887 3376 autem
913 3331 1037 3376 coenae
1058 3320 1131 3376 erat
1157 3333 1296 3402 vespera

1400 2341 1402 2466 l

1399 2527 1401 2664 l

1399 2787 1400 2861 l

250 3432 284 3488 et
304 3414 421 3505 λύχνων
440 3412 527 3500 icet.
578 3415 629 3482 Ita
649 3413 718 3480 viri
740 3435 860 3501 graves
889 3427 924 3481 et
944 3415 1114 3506 occupatis
1139 3438 1219 3484 nam
1240 3419 1296 3504 qui
1396 3431 1397 3457 ¹

249 3525 346 3592 aliter
373 3521 479 3590 vitam
507 3520 742 3601 instituebant,
779 3518 818 3586 bi
850 3519 1105 3604 et'tempestica
1132 3521 1295 3608 agitabant
1395 3573 1396 3616 χ

250 3634 404 3696 convivia
424 3639 455 3694 et
482 3626 524 3693 ad
551 3627 672 3716 pocula
693 3632 732 3692 da
758 3631 811 3692 die
831 3626 1040 3694 accedebant.
1087 3609 1167 3694 Hoc
1194 3628 1295 3716 igitur
1395 3617 1396 3655 l

250 3735 378 3804 Alcaeo
407 3742 526 3823 poetae
552 3731 673 3798 vinoso
699 3755 791 3800 nunc
818 3734 930 3814 dolet,
960 3731 1051 3820 quod
1079 3743 1220 3823 propter
1239 3755 1295 3798 so·
1394 3783 1395 3810 .

251 3839 344 3907 brios
372 3837 501 3905 sodales
534 3837 655 3904 boram
683 3839 889 3906 lucernalem
918 3851 1056 3928 cogatur
1089 3839 1295 3930 expectaret
1394 3827 1395 3853 ¹

251 3946 403 4012 imitatus
430 3955 480 4010 est
505 3941 723 4034 Asclepiades
750 3945 789 4011 in
813 3944 917 4014 Anal.
943 3943 1048 4015 Bet
1077 3967 1112 4038 p.
1135 3947 1210 4015 215·
1232 3943 1293 4012 tx.
1393 3967 1394 3984 ¹

253 4051 312 4136 (Τ.
325 4048 354 4121 I.
374 4072 408 4141 p.
426 4049 501 4120 145.
520 4048 633 4142 nipe.)
653 4055 787 4138 πίνωμεν
806 4044 932 4140 Βάκχου
951 4048 1045 4140 ζωρὸν
1064 4049 1163 4138 πόμα.
1184 4044 1293 4118 δάκτυ-
