2842 4558
781 273 806 349 6
933 345 937 360 ,

259 461 387 534 Α11100.
416 484 451 547 p.
480 458 555 528 430·
589 459 628 526 Ο.
656 457 701 526 D.
737 459 862 548 colligit
887 459 1026 536 ,Fabrie
1059 459 1145 528 Bibl.
1178 484 1228 550 gr.
1262 469 1334 534 sed
1399 523 1400 552 ,

259 580 369 660 potest
395 567 451 632 illa
480 564 657 655 explicatio
678 566 779 654 petita
805 589 873 632 esse
896 565 1061 632 eSeleuci
1082 567 1221 637 Glossis·
1248 573 1332 642 vid.
1399 613 1400 626 .

260 670 447 760 Schweigh.
471 672 578 738 Index
595 677 780 739 auctorum·
803 672 1029 740 Chamaeleon
1041 683 1152 740 autem
1161 675 1333 748 Ponticus
1399 675 1400 692 ¹

260 781 297 848 in
320 779 409 846 libro
432 777 473 844 de
494 778 653 846 ebrietate
675 777 795 848 Alcaei
816 780 931 846 locum
960 777 1006 849 fr.
1025 779 1167 848 XXXI.
1191 793 1332 852 tracta-

260 895 375 966 verat,
403 895 441 952 ut
459 884 803 951 monuit-Casama.
827 884 870 948 ad
893 884 1022 952 Athen.
1042 886 1090 953 X.
1115 911 1144 955 c.
1166 889 1197 956 8.
1241 892 1332 976 HQ-

261 992 436 1082 rapollinis
462 984 631 1074 ὖπόμνημα
651 988 795 1055 Ἀλκαίου
824 1004 1068 1058 commemorat
1093 993 1188 1062 Suid.
1211 996 1255 1062 Τ.
1273 1001 1327 1064 Π.

262 1121 294 1188 p,
319 1100 391 1180 760.
431 1109 464 1166 et
491 1097 671 1162 Dracontis
700 1095 958 1168 Stratonicensis,
991 1097 1121 1166 librum
1154 1103 1227 1191 aspi
1256 1109 1327 1172 τῶν

253 1202 401 1272 'Aineion
422 1203 523 1290 peluis
547 1203 639 1272 idem
660 1199 704 1270 T·
724 1202 764 1266 1.·
774 1225 808 1290 p.
832 1201 906 1271 626.
1399 1223 1400 1252 i

346 1294 551 1400 Fragmenta
574 1308 697 1410 ‘Alcaei
731 1308 858 1394 aliquot
886 1308 1017 1396 primus
1047 1309 1182 1396 collegit
1203 1312 1324 1384 Mich.

262 1416 681 1504 Neandeanomologiae
702 1440 728 1480 s.
750 1414 980 1501 Aristologiae
1001 1414 1199 1508 Pindaricae
1213 1419 1323 1490 Basil.

264 1522 359 1588 1656.
379 1523 423 1590 ’8.
461 1523 608 1598 subiecta
634 1545 666 1611 p.
695 1518 769 1588 424.
804 1543 881 1586 cum
917 1521 1090 1589 sententiis
1122 1522 1326 1608 Simonidis,

262 1624 500 1721 Anacreontis,
524 1628 768 1715 Bacchylidae,
792 1625 993 1700 Stesichori,
1023 1626 1179 1716 Sapphus
1204 1643 1236 1696 et
1249 1632 1326 1700 At-

265 1733 402 1800 omanis.
446 1733 609 1810 Successit
628 1735 674 1800 H.
699 1733 908 1824 Stephanus:
940 1737 1128 1798 carminum
1144 1739 1324 1818 poetarum

262 1862 391 1918 norem,
422 1844 543 1922 prinae
560 1843 692 1922 poiseus
709 1832 921 1921 principum,
945 1841 1159 1922 fragmenta,
1187 1846 1323 1923 Alcaei,

265 1947 416 2026 Sapphus
440 1961 473 2010 et
493 1950 649 2015 nonnulla
670 1951 772 2010 etiam
788 1948 936 2008 aliorum.
983 1947 1062 2008 Cum
1083 1948 1190 2008 latina
1212 1955 1321 2012 inter-

258 2056 466 2129 pretatione,
490 2057 631 2132 ·partim
668 2055 776 2114 soluta
811 2055 974 2130 oratione,
1004 2055 1127 2132 partim
1160 2061 1315 2118 carmine.

266 2153 360 2220 1560.
386 2176 436 2222 12.
464 2143 541 2220 Elec.
574 2162 677 2220 Henr.
708 2159 901 2238 Stephanus.
927 2189 970 2204 -
998 2158 1108 2220 Editio
1130 2159 1175 2220 II.
1203 2163 1314 2222 multis

263 2264 409 2326 versibus
432 2267 480 2326 ad
499 2267 620 2340 calcem
640 2255 778 2326 aiiiectis
800 2264 1007 2343 locupletata.
1034 2259 1125 2328 1566·
1144 2283 1194 2329 12.
1215 2285 1317 2352 saepe
1398 2291 1399 2300 ³

263 2363 412 2431 Pindaro
429 2369 590 2456 Stephani
611 2369 757 2446 adiecta,
778 2368 846 2456 sed*
859 2367 904 2434 ita
927 2379 963 2431 ut
988 2369 1109 2440 novus,
1117 2367 1318 2455 paginarum

227 2551 228 2554 Ἴ
266 2471 350 2536 ordo
378 2472 528 2562 incipiat.
557 2505 600 2522 -
641 2477 702 2538 Ed.
730 2477 790 2537 III.
819 2497 858 2536 ex
887 2478 929 2536 H.
958 2475 1067 2554 Steph.
1096 2480 1318 2557 recognitione

265 2581 468 2658 quarundam
491 2585 760 2660 interpretatione
781 2581 921 2642 locorum
944 2594 976 2641 et
996 2585 1178 2641 accessione
1200 2583 1318 2661 prico-

264 2707 336 2749 rum
357 2689 539 2747 carminum
570 2687 777 2766 locupletata.
818 2687 926 2747 Lutet.
951 2707 1003 2766 ap.
1025 2689 1067 2747 H
1090 2687 1198 2768 Steph.
1223 2671 1316 2756 1586.

267 2807 318 2854 12.
344 2787 386 2852 ad
419 2788 543 2854 calcem
571 2787 721 2854 Pindari.
743 2824 785 2838 -
821 2778 881 2852 Ed.
901 2793 961 2854 IV.
991 2797 1035 2854 H.
1057 2795 1173 2874 Steplu
1189 2815 1315 2878 recogn.

265 2917 354 2976 quor.
374 2900 507 2978 interpr.
530 2897 603 2956 loa
621 2907 652 2958 et
673 2917 741 2956 aee.
771 2899 828 2976 lyr.
856 2917 956 2958 carm.
980 2900 1091 2980 locupl.
1121 2903 1198 2962 Eae.
1219 2902 1314 2964 Paul.

265 3001 449 3079 Stephanus
471 2999 633 3066 160011.
656 3000 697 3065 ad
720 2999 845 3064 calcem
862 2999 1011 3066 Pindari.
1054 2997 1195 3068 Exstant
1215 3003 1315 3070 etiam

262 3100 449 3188 fragmenta
472 3103 553 3169 haec
576 3105 765 3171 Graecolat.
796 3128 839 3170 ex
866 3105 912 3171 H.
936 3105 1098 3194 Stephani
1120 3107 1314 3174 collectione
1396 3109 1397 3138 ³

262 3207 298 3272 in
319 3197 472 3298 (limpore
494 3212 671 3300 poiitarum
689 3212 910 3278 Graecorum.
927 3196 1093 3278 ‘canavae
1118 3210 1211 3281 1614.
1234 3211 1291 3310 iol.

276 3303 280 3310 ⁴
347 3313 457 3379 Multo
477 3317 610 3404 plenior
630 3327 677 3382 est
698 3315 847 3386 collectio
862 3315 958 3382 Fulv.
973 3315 1101 3385 Ursini.
1145 3318 1311 3385 Eiusedi-
1395 3389 1396 3392 Ἴ

261 3418 389 3485 tionem
412 3422 492 3486 anni
517 3425 608 3492 1568.
633 3425 664 3493 8.
695 3417 856 3512 usurpavi
887 3409 1014 3490 aViro
1044 3423 1097 3488 111.
1125 3423 1309 3491 Bliimnero

261 3549 280 3591 e
310 3524 460 3620 biblioth.
489 3531 655 3602 senatoria
684 3517 854 3618 Lipsiensi
882 3527 1123 3596 humanissime
1159 3532 1309 3619 precibus

258 3631 342 3702 meis
371 3656 570 3719 concessam.
607 3635 673 3702 Ser]
697 3633 999 3724 aWyttenbachio
1021 3633 1062 3698 ad
1085 3635 1308 3718 Plutarchum,
1328 3616 1332 3640 ¹

258 3729 288 3803 r.
311 3761 340 3807 c.
366 3764 401 3830 p.
422 3752 501 3830 292.
528 3733 738 3808 memoratur
767 3742 869 3809 etiam
899 3737 1001 3806 editio
1034 3733 1229 3828 0111111567.
1262 3764 1307 3814 12.

256 3849 341 3931 quae
371 3847 506 3928 eadem,
541 3861 643 3936 puto,
669 3860 734 3924 est,
765 3870 866 3935 quam
895 3845 1025 3916 Fabric.
1046 3847 1087 3914 B.
1110 3847 1172 3916 Gr.
1202 3847 1246 3912 Τ.
1266 3849 1307 3916 11.

232 3974 290 4040 4[1.
311 3950 363 4038 87.
393 3950 461 4018 1101.
479 3954 516 4019 11.
541 3954 701 4044 Stephani
730 3961 827 4020 vocet
855 3951 1102 4020 Plautinianam
1132 3951 1306 4042 Antwerp.

260 4055 430 4145 1567.12.
480 4059 644 4138 Editionis
672 4061 796 4152 prioris
825 4058 881 4128 hic
908 4056 1023 4130 titulus
1045 4067 1111 4124 est:
1152 4063 1305 4124 Carmina
