2842 4558
585 223 719 326 311⁶

117 447 218 515 duma
241 443 289 512 sic
310 441 401 510 enim
422 439 496 507 cod
517 435 564 506 A.
586 444 743 524 excerpta
767 435 908 504 casaub.
936 437 1037 506 etism
1055 421 1175 506 Ursin.

116 575 183 644 pro
205 551 415 640 βεβλημένον,
443 543 533 634 quod
564 543 702 612 casaub.
731 553 863 609 mutare
892 543 1067 610 volebat'
1056 569 1091 610 1n
1121 550 1178 630 βε-

118 657 293 744 βλημένον,
314 661 499 734 στείνονται,
520 649 738 740 adstipulante
758 650 907 716 Iani.-
935 635 980 736 V·
1003 651 1034 717 6
1057 647 1179 716 Χαλκι-

121 762 206 831 δικαὶ
229 755 354 826 σπάθαι
381 757 559 826 illustravit
581 755 721 824 casaub.
754 756 796 821 ad
818 753 944 822 Athen.
965 755 1082 824 Ursin.
1102 755 1180 844 χαλ-

122 867 187 934 stt»
208 867 260 932 sui
280 890 332 932 στι.
353 865 586 940 Κασπαττίθες.
617 861 741 929 Pollux
749 855 834 943 VII,
849 857 938 928 60.
922 887 937 929 σ
956 859 1107 940 νύπσσσις
1119 853 1180 926 λί-
1233 876 1253 920 ’.

124 997 180 1040 νου
200 976 372 1056 πεποίητο,
398 967 522 1058 σμικρὸς
542 973 719 1057 χιτωνίσκος
741 962 809 1055 ι’ίχρι
824 971 919 1052 μέσου
941 967 1054 1056 μηροῦ.
1095 967 1178 1036 Vld.
1201 951 1207 957 ι

124 1079 238 1168 Toup.
258 1078 301 1144 ad
326 1077 420 1146 Suid.
442 1077 470 1142 Ι.
498 1100 532 1167 Ρ.
555 1077 631 1160 575.
666 1073 793 1140 Iacobs.
818 1075 861 1140 ad
883 1075 986 1140 Anal.
1016 1074 1124 1152 Br.1,
1149 1093 1180 1140 2.

123 1207 158 1274 p.
174 1186 227 1274 59.
248 1223 294 1236 -
313 1187 350 1248 V.
368 1206 400 1272 7.
425 1179 569 1248 λαθέσθ’
594 1203 659 1272 pro
681 1179 847 1247 λαθέσθαι
869 1179 963 1246 dedit
983 1179 1068 1257 Iani,
1089 1179 1179 1246 idem

121 1291 158 1356 in
186 1315 228 1358 eo
256 1289 361 1356 falsus
387 1287 478 1376 quod
504 1281 563 1354 ὑπ’
603 1287 689 1374 λ’ρρον
717 1299 834 1354 contra
862 1299 1010 1353 metrum
1037 1286 1181 1374 scripsit.

122 1396 209 1464 Erat
227 1392 292 1462 ὑπὸ
313 1397 411 1482 ἔργον.
454 1394 511 1462 Sic
532 1392 633 1464 etiam
648 1389 820 1459 Gaisford.
842 1393 884 1459 ad
899 1391 1014 1482 Heph.
1038 1415 1070 1482 p.
1087 1393 1161 1460 514.

213 1607 259 1674 11.
294 1605 469 1674 Heraclid.
501 1605 600 1672 Pont.
639 1603 681 1671 sle
715 1603 810 1690 alleg.
840 1604 946 1671 Hom.
978 1627 1012 1694 Ρ.
1042 1605 1092 1672 15.
1130 1603 1243 1674 ed..

127 1685 1183 1802 8ο11οιν.(Ρ.415.ειλΟελε.)ιένἱνανοῖςδέναίιὸνΜατί·
1209 1782 1213 1788 ,

126 1817 253 1908 λιμναῖον
273 1813 496 1905 μελοποιὸν
462 1811 633 1905 εορῆσομεν
651 1813 896 1901 ἇλληρσρσῦντα·
920 1811 974 1892 τὰς
994 1842 1050 1906 γαρ
1072 1841 1182 1904 ταραν-

125 1951 208 2004 τινας
234 1929 372 2004 ἐξουσίας
392 1927 529 2012 χειμερίῳ
555 1915 747 2008 προσεικάζει
775 1918 986 2011 καταστήματι
1006 1920 1181 2012 θαλάσσης,

124 2031 274 2120 ἇσονίτην
302 2033 354 2098 ναί
374 2035 435 2098 ταῖν
454 2029 573 2115 ἂνέμαιν
593 2021 715 2093 στάσιν·

216 2136 264 2204 Τὸ
285 2136 342 2222 μὲν
363 2133 418 2223 γὰρ
441 2137 542 2204 ἔνθεν
555 2129 842 2216 νῦμακιισλίνδεται,

255 2240 292 2310 τί
312 2242 343 2308 δ’
369 2246 482 2309 ἔνθεν·
504 2236 599 2324 ἄμμες
620 2237 651 2306 δ’
676 2237 714 2304 tv
737 2236 773 2306 τὸ
794 2243 907 2324 μέσσον

301 2347 356 2413 ναῒ
373 2325 542 2432 φορήμεθσ
569 2343 625 2412 σὺν
654 2343 791 2431 μελαίνᾳ,

215 2457 337 2542 χειμῶνι
364 2457 551 2542 μοχθεῢντες
578 2446 698 2537 μεγάλῳ
724 2447 843 2518 τάλαν·

215 2557 280 2646 πὰρ
295 2558 350 2641 μὲν
370 2557 425 2646 γὰρ
447 2555 556 2634 ίίνελος
576 2557 743 2624 ἱστοπέδαν
763 2559 835 2644 ἔχει,

258 2663 368 2747 λαῖφος
390 2663 423 2732 δὲ
444 2669 507 2730 πᾶν
528 2659 659 2750 ζτίδηλσν
679 2659 752 2748 ἤδη,

302 2774 354 2838 καί
377 2769 498 2846 λακίδες
516 2761 645 2856 μεγάλαι
664 2768 736 2834 κατ’
761 2763 851 2838 αὐτό.

213 2874 415 3008 {altissim
395 2901 523 2963 nyxnpua
547 2911 589 2926 -
610 2911 653 2926 -
673 2909 716 2924 -
737 2910 780 2926 ·-·
864 2933 868 2940 .

131 2991 177 3064 τίς
202 2987 259 3054 οὖν
283 2983 338 3052 tir
354 2981 499 3059 εὖθος’
482 3007 518 3048 εν
545 2987 603 3070 τῆς
632 2974 860 3068 προτρεχσιλσης
887 2983 958 3068 περί
987 3009 1043 3049 τον
1069 2979 1185 3052 πόντον
1322 3013 1327 3026 ’

130 3096 265 3166 εἰκασίας
292 3089 411 3216 ἄνδρων
423 3089 647 3217 'salvationum
668 3083 891 3164 θαλάττιον
863 3114 941 3156 ειναι
970 3095 1102 3172 νομίσειε
1123 3087 1185 3174 φό-

130 3203 208 3286 pom·
229 3195 300 3262 ἄλλ’
326 3195 382 3284 οὔχ
403 3189 500 3270 σίτοις
516 3195 591 3281 ε’χει·
614 3191 825 3279 Μυρσίλος
794 3219 849 3282 ραρ
872 3221 888 3260 σ
876 3189 1099 3281 (ληλσίμενός
1119 3202 1187 3265 ἐστι

130 3304 184 3370 καί
200 3299 359 3390 τυραννική
379 3327 458 3368 νατοι
442 3295 703 3386 Μυτιληναίων
723 3302 897 3389 ἐρειρσμίνη
922 3297 1075 3381 οὖοτασις.

217 3409 332 3476 Ursin.
354 3433 388 3500 p.
414 3427 488 3475 τοο.
519 3406 644 3474 Blomf.
666 3429 719 3472 nr.
739 3407 785 3472 ΙΙ.
817 3406 1042 3474 Ελείιστει·αοῑ
1063 3407 1098 3474 in
1120 3408 1186 3476 hoc

131 3514 321 3604 fragmento
353 3511 563 3586 emendando
595 3513 694 3602 Casp.
723 3511 837 3578 Barth.
874 3513 915 3578 ad
948 3514 1122 3594 Claudian·
1153 3521 1186 3608 p:

132 3625 207 3710 735.
231 3621 277 3688 D.
295 3620 454 3688 Heinsius
476 3620 516 3686 ad
541 3617 603 3686 Sil.
627 3617 700 3684 ltal.
721 3617 770 3699 X,
785 3619 860 3692 525.
881 3620 1006 3686 Iacobs.
1030 3610 1186 3690 adAnal.

132 3729 190 3796 Br.
213 3728 241 3806 Ι,
268 3747 296 3792 1.
327 3749 361 3816 p.
383 3727 454 3815 595-
504 3725 692 3794 Hermann.
723 3723 819 3792 elem.
851 3725 956 3792 doctr.
978 3745 1022 3788 m·
1052 3747 1086 3813 p.
1109 3727 1185 3796 688.

132 3831 237 3900 Deest
259 3854 348 3900 unus
377 3831 563 3900 versiculus
587 3831 628 3896 ab
652 3813 759 3898 initio.
801 3829 848 3898 V.
869 3829 899 3895 ίι.
931 3827 1046 3894 Ursin.
1068 3827 1186 3918 μεγάλῳ

132 3934 231 4018 sila,
258 3939 281 4006 i.
302 3961 332 4006 ε.
354 3933 393 4004 nl
413 3933 566 4024 τῆςνεώς
586 3929 680 4016 ξύλα,
701 3946 740 4002 ut
759 3933 796 4002 in
818 3936 905 4002 notis
926 3955 959 4022 p.
983 3933 1056 4000 514.
1078 3935 1187 4004 inter-

95 4030 100 4038 ’
133 4054 295 4135 protatur.
331 4043 451 4112 Herm·
482 4067 509 4130 ρ.
531 4066 563 4130 μ.
583 4035 702 4130 μσρτίλιρ
722 4035 831 4108 ιιιίλαιν.
881 4031 1020 4122 ,Κέλσον
1038 4045 1186 4134 reposuit
