2842 4558
690 257 890 354 ,p

282 459 375 526 cant,
405 443 569 512 Alcaeum
598 445 640 512 ad
663 443 728 510 hoc
749 443 887 512 levioris
909 448 1019 537 poesis
1045 467 1149 536 genus
1167 423 1237 516 non
1258 449 1337 516 satis

280 554 443 619 idoneum
473 548 594 630 suise03
630 549 735 616 ecclia
758 553 857 618 'enim
886 573 994 646 quum
1014 555 1194 644 praecipue
1214 576 1335 642 graves

280 659 387 743 atque·
407 655 450 724 ad
478 657 583 724 vilem
620 669 654 724 et
682 657 851 746 publicam
886 669 919 724 et
947 657 1116 748 privatam
1150 661 1335 755 regendam

280 763 376 829 utiles
397 764 575 830 sententias
605 763 835 840 continerent,
863 763 1007 850 lyricam
1027 763 1098 830 vim
1121 765 1334 855 et‘spirilum

278 867 428 934 maxime
455 869 671 958 recipiebant
726 867 781 933 De
807 866 924 934 ceteris
948 869 1150 936 carminibus
1172 872 1335 958 conviva-

217 1043 228 1051 „
278 973 366 1041 libus
395 983 429 1038 et
451 973 493 1039 de
515 973 686 1040 amatoriis
708 973 821 1038 valere
848 985 951 1062 puto,
986 977 1075 1060 quod
1106 953 1223 1062 Quint.
1252 978 1334 1044 dicit

277 1079 301 1146 l.
323 1100 353 1147 c.
373 1084 432 1143 aed
449 1084 605 1144 adluens
627 1093 659 1141 et
680 1099 806 1142 amores
827 1083 1001 1156 descendit,
1022 1087 1203 1146 maioribus
1221 1097 1335 1164 tamen

280 1187 471 1268 aptior12),
493 1206 639 1274 quocum
659 1185 823 1250 consentit
833 1184 989 1252 Iuliana
978 1210 1015 1252 ιιι
1029 1185 1251 1278 Misopogone
1271 1189 1332 1273 ¹³).
1340 1260 1344 1268 ,

280 1291 497 1380 Quemquam
527 1289 646 1354 Sextus
666 1287 857 1376 Empiricos
879 1314 952 1386 eos,
984 1290 1042 1377 qni
1069 1293 1192 1363 insano¹
1214 1317 1332 1361 amore

279 1399 456 1519 capucini,
476 1406 511 1463 et
525 1393 683 1478 ebriosos,
704 1416 810 1480 quum
819 1394 938 1460 Alcaei
954 1396 1009 1461 vel
1017 1389 1240 1468 Anacreontis
1254 1411 1334 1486 cara¹

1160 326 1168 364 l

171 1529 175 1534 ·
278 1505 372 1570 mina
402 1503 531 1588 legant,
565 1501 670 1586 magis
700 1499 801 1564 etiam
831 1499 1039 1568 inflammari
1077 1515 1331 1591 commemoret.
1410 1563 1415 1574 .

173 1684 176 1694 1
278 1609 387 1694 Magis
414 1618 541 1705 aptum
557 1603 626 1671 eius
653 1605 828 1706 ingenium
856 1607 898 1671 ad
924 1607 1071 1694 hymnos
1097 1581 1200 1698 fuisse
1222 1608 1331 1675 conii·-

194 1734 199 1744 ·
278 1712 362 1793 cias,
388 1734 587 1800 quamquam
610 1711 652 1778 de
674 1709 726 1778 hia
745 1700 906 1779 iudicium
927 1711 1049 1776 veteris
1070 1714 1254 1804 scriptoris
1259 1737 1332 1782 non

278 1827 393 1884 exstat.
436 1817 610 1884 Parvae
582 1839 651 1880 erus
672 1826 705 1879 et
726 1795 880 1903 Sapphus
899 1814 1052 1901 strophas
1073 1816 1194 1896 fuisse,
1223 1840 1330 1906 quum

279 1915 486 1988 Stesichorus
516 1933 549 1986 et
575 1919 741 2007 Pindarus
772 1919 966 2008 ampliores„
985 1921 1142 2008 periodos
1169 1921 1331 2006 facerent,

279 2033 416 2094 annotat
423 2025 563 2115 Dionys.
571 2025 679 2111 Halic.
698 2025 739 2092 de
754 2037 866 2092 struet.
880 2049 930 2110 or.
945 2048 977 2116 p..
987 2026 1057 2092 262.
1073 2027 1125 2094 ed.
1135 2026 1265 2109 Schaef.
1276 2027 1327 2114 ¹⁴)

278 2171 482 2196 ..qn—na·-

315 2255 358 2321 ιι)
381 2251 437 2308 Sed
454 2249 539 2308 dubia
555 2263 597 2310 eat
616 2251 674 2308 loci
686 2251 792 2318 lectio;
823 2269 992 2324 quamquam
1010 2251 1084 2308 mihi
1107 2255 1159 2309 vix
1182 2247 1332 2322 probabile

348 2337 408 2410 est,
423 2347 456 2398 in
472 2345 592 2398 lectione
611 2344 672 2398 cod.
691 2343 788 2398 Turio.
805 2344 853 2440 οιρὶ
870 2353 899 2396 et
916 2344 974 2396 eius
990 2343 1029 2394 sit
1045 2345 1130 2404 latere
1145 2343 1219 2398 hanc
1236 2340 1284 2392 sed
1301 2347 1332 2390 et

351 2433 432 2484 Teius
449 2433 503 2500 sit,
521 2433 577 2487 hoc
594 2441 687 2488 autem
706 2433 788 2486 Teius
804 2452 821 2496 a
837 2435 910 2486 male
926 2431 1024 2487 sedulo
1041 2433 1156 2488 librario
1174 2449 1191 2488 e
1206 2433 1331 2500 margine

347 2525 379 2574 in
397 2534 565 2576 contextum
581 2523 692 2576 illatum
716 2540 781 2592 esse
802 2522 900 2594 (quasi
925 2539 994 2578 vero
1022 2523 1083 2573 Teii
1106 2539 1209 2577 nomen
1233 2522 1330 2574 notius

348 2609 435 2665 fuerit
452 2611 573 2686 librariis
595 2631 680 2682 quam
697 2611 910 2680 Anacreontis);
930 2630 965 2668 eo
987 2625 1079 2666 autem
1091 2613 1190 2671 ¹denuo
1208 2611 1330 2680 expulso

347 2699 499 2766 legendum
517 2717 575 2753 esse
594 2703 649 2752 Sed
665 2701 812 2753 Anacreon
827 2701 905 2767 lusit,
930 2719 1014 2772 quem
1039 2702 1257 2755 emendationem
1274 2702 1330 2752 aci-

278 2793 280 2804 *
345 2787 412 2840 lieet
424 2783 539 2853 Sarpiue
553 2799 726 2842 commentus
741 2802 790 2846 eat.
810 2791 877 2844 Vid.
889 2791 1043 2848 Froncher.
1060 2791 1094 2844 ad
1110 2792 1206 2844 locum
1227 2786 1328 2858 Quint.

346 2874 447 2930 Potius
476 2875 730 2930 librarius'Turic.
757 2878 874 2932 scribere
889 2883 1020 2942 uoluisse
1040 2879 1175 2943 videtur.
1196 2877 1274 2947 quod
1296 2881 1329 2932 in

348 2965 434 3018 Voss.
454 2981 477 3024 1.
496 2981 521 3016 2.
538 2959 652 3034 legitur,
677 2966 732 3042 sed!
748 2975 776 3016 et
797 2965 874 3018 lusit.
919 2967 967 3024 Sic
980 2973 1085 3024 omnia
1104 2967 1212 3038 egregie
1226 2955 1258 3020 in
1274 2963 1330 3018 Al-

331 3069 446 3106 caeum
463 3057 649 3120 conveniunt,
672 3059 765 3109 minua
776 3057 813 3109 in
825 3054 1030 3111 Anacreontem
1048 3059 1125 3128 quod
1141 3059 1255 3112 additur
1268 3049 1329 3108 md-

347 3139 450 3193 ioribus
475 3151 567 3195 temen
593 3142 697 3210 aptior.
748 3143 952 3202 Anacreontem
981 3155 1075 3200 autem
1108 3151 1202 3201 omisit
1229 3141 1328 3216 Quint.

346 3232 478 3301 exemplo
487 3231 628 3298 Drcnyau
647 3234 699 3300 qui
715 3250 774 3287 non
790 3239 878 3302 magis
898 3234 1001 3290 Anacr.
1019 3247 1225 3316 commemorat,
1243 3237 1329 3305 quip-

318 3333 384 3390 pe
400 3321 434 3376 ad
450 3321 653 3388 instituendum
670 3333 809 3375 oratorem
826 3327 921 3378 minuc
942 3309 1084 3380 idoneum.

314 3403 357 3474 15)
378 3397 611 3479 Ἀνακρέοντι
571 3427 610 3475 τῳ
627 3428 740 3488 ποιητη
720 3403 841 3470 ’πολλοὶ
863 3406 988 3481 ἐποιήθη
1004 3413 1075 3483 μέλη
1079 3411 1241 3556 papiense:
1257 3430 1328 3481 τρν-

348 3491 407 3566 pois
422 3493 477 3566 γὰρ
496 3494 637 3564 εὶΙηχεν’
621 3517 652 3552 εκ
668 3478 803 3569 Μοιρῶν·
829 3491 947 3568 Ἀλκαίῳ
971 3496 1003 3554 δὲ
1028 3493 1204 3562 cantabricii
1228 3491 1327 3568 Ἀρχι-

345 3579 481 3653 λόχῳ”
441 3604 480 3652 τῳ
506 3586 614 3656 Παρίῳ
629 3583 680 3658 τὴν
704 3581 823 3642 Μοῦσαν
845 3581 930 3642 ἴδοιο
952 3585 1020 3643 θεὸς
1039 3583 1077 3642 οἶι
1093 3582 1261 3668 cooporiant
1277 3593 1327 3644 eat

345 3667 450 3740 ἡδονὰς
467 3674 581 3744 τρέψαι.
612 3673 718 3730 Sextus
733 3677 839 3748 Empir.
860 3675 921 3731 adv.
931 3655 1022 3737 Maeli.
1036 3679 1061 3746 Ι,
1081 3676 1123 3746 ι5,
1142 3675 1201 3746 298.
1219 3693 1248 3746 p.
1263 3677 1326 3732 282.

312 3755 377 3813 οἵ
395 3759 590 3866 ρ’ροιτομανεῖσ
610 3767 658 3816 καὶ
682 3766 804 3833 μέθυσοι
828 3759 882 3819 τὰς
903 3757 1000 3820 Ἀλκοί
988 3769 1034 3824 lou
1061 3773 1109 3822 καὶ
1129 3741 1339 3834 Ἀνακρέοντοο

342 3843 469 3916 ποιήσειε
485 3844 653 3922 οἷναγνὸντεσ
670 3855 909 3926 προοικοαίονται.
933 3855 981 3912 De
995 3856 1138 3914 amoribus
1152 3839 1250 3910 Alcaei
1266 3853 1325 3911 vid.

314 3934 379 3996 1.Ιι·
395 3938 506 3995 XLIII.

313 3988 360 4094 Ι14)
385 4021 423 4082 Οἱ
434 4029 490 4098 μὲν
511 4020 561 4084 ουν
585 4011 699 4105 α’ρκαῖοι
722 4030 917 4102 μελοποιοὶ·
882 3991 1005 4106 -Ιέγοι
1031 4009 1059 4086 il
1083 4024 1210 4090 Ἀλκαῖόν
1226 4050 1258 4090 τι
1273 4036 1323 4088 καὶ
