2842 4558
676 303 678 306 ,
734 209 787 293 ιε
944 155 954 186 '

231 397 365 464 studuit
407 395 525 474 Nam,
519 405 643 488 qu'urp
662 345 864 498 primumi.
882 395 912 464 h
932 393 966 465 4.
987 360 1167 464 ostendero
1184 401 1300 464 conari

230 513 284 568 tna
306 511 409 583 esset,
447 524 586 568 carmen
611 503 697 568 illud
724 525 794 570 non
813 511 905 570 recte
925 501 1071 568 adscribi
1091 501 1290 583 Theocrito,

220 609 310 695 „quia
329 618 363 672 et
381 607 418 672 in
438 609 581 696 antiquis
600 578 800 676 editionibus
820 631 857 675 ac
875 607 1052 706 nhnnulha
1065 606 1171 674 Codd
1187 607 1290 674 MSS.
1390 643 1400 658 ·

149 704 155 717 ’
232 713 458 792 desideretur,
487 725 521 778 et
542 715 684 818 dialecto
704 715 848 795 aeolica,
877 737 946 809 non
970 712 1098 782 dorica
1103 711 1292 794 Theocriti,
1404 783 1405 810 ¹

212 818 394 912 scriptum
413 823 472 897 sit,
494 846 546 886 res
567 843 649 888 vero
670 821 714 887 sit
734 823 853 884 ιιιιίἰίιιι
874 801 965 903 apud
982 823 1124 888 Graecos
1143 821 1290 901 exempli,

161 945 171 961 ’·
232 937 269 988 ιιι
286 925 362 1016 quis
376 927 478 1010 poeta
494 932 645 1012 patrium
663 950 838 990 sermonem
859 929 944 990 nullo
962 939 1020 988 ant
1034 948 1095 986 nen
1107 937 1169 986 aut
1181 945 1292 986 neces-

231 1031 332 1092 sitate
353 1045 486 1096 coactus
500 1036 633 1098 damnet
653 1047 686 1096 et
702 1035 877 1097 dialectum
896 1043 1054 1120 sequntur
1067 1033 1291 1112 peregrinam,

232 1139 362 1219 suisque
384 1139 512 1202 civibus
532 1163 590 1205 nec
610 1163 673 1206 ιιιιι
688 1142 857 1220 cognitam
876 1159 934 1200 nec
953 1139 1116 1200 intellectu
1127 1135 1292 1218 facilem,

233 1235 413 1335 deiudey.
435 1241 468 1310 5
490 1243 522 1312 6.
544 1267 577 1332 7.
600 1245 630 1312 si
651 1265 786 1309 carmen
814 1241 953 1313 nonsit
975 1237 1170 1318 Theocriti,
1204 1236 1292 1306 nulli

235 1337 292 1411 alii
310 1343 519 1415 commodius
541 1347 645 1415 tribui
664 1369 777 1438 posse,
798 1370 900 1435 quam
919 1347 1067 1428 Alcaeo,
1092 1354 1208 1433 poetae
1229 1365 1293 1409 an·-

234 1447 421 1536 tiquissimo
442 1447 567 1541 lyrico,
595 1467 667 1522 turn
689 1464 829 1544 propter
850 1453 1026 1518 dialectum
1046 1453 1085 1515 et
1098 1447 1294 1537 inscriptio-

233 1576 315 1621 nem
335 1559 374 1622 in
390 1557 475 1625 cod.
493 1559 678 1641 Vaticano,
698 1555 832 1628 Antist
851 1549 996 1638 παιδικά,
1018 1567 1092 1623 tum
1113 1556 1203 1644 quod
1226 1554 1295 1622 Al-

236 1681 334 1751 caeus
366 1663 409 1729 iis
440 1665 558 1748 etiarn,
598 1691 688 1754 quae
716 1667 760 1734 de
788 1685 974 1756 puerorum
1005 1663 1121 1730 amore
1148 1658 1294 1749 scripsit,

172 1785 177 1808 ¹
235 1759 449 1850 inclaruerit,
488 1784 560 1840 tum
589 1773 681 1860 quod
706 1773 745 1840 in
773 1771 838 1838 hoc
868 1771 1018 1862 carmine
1032 1789 1086 1854 ‚ea
1112 1767 1155 1832 sit
1183 1767 1292 1834 virtus

234 1874 366 1973 poetica
389 1887 422 1942 et
443 1878 537 1942 color
556 1869 742 1954 erationis,
777 1877 835 1964 qui
860 1889 894 1943 et
915 1899 959 1942 ex
980 1885 1135 1942 veterum
1157 1871 1295 1937 critico-

171 1981 174 1992 '
235 2000 314 2044 rum
337 1978 470 2047 iudiciis
498 1995 531 2047 et
560 2005 603 2049 ex
625 1981 864 2049 imitationibus
891 1980 1027 2049 Horatii
1051 1978 1180 2058 Alcaeo
1209 2001 1293 2068 pro-

234 2085 330 2192 prius
350 2084 454 2156 fuisse
468 2084 639 2172 videatur,
664 2088 802 2154 tandem
824 2111 843 2154 e
864 2087 992 2154 scholio
1014 2085 1105 2153 illo
1094 2107 1131 2150 ιιι
1142 2081 1291 2150 Platonis

234 2189 461 2282 symposium,
485 2192 580 2261 cuius
597 2207 712 2260 auctor
734 2191 814 2284 quin
830 2195 881 2261 ad
891 2193 1021 2290 huius
1010 2190 1113 2288 rpsius
1135 2189 1292 2256 carminis

189 2299 192 2310 ¹
235 2297 370 2365 initium
389 2295 592 2387 respexerit,
621 2299 765 2366 dubitari
788 2325 857 2368 non
877 2298 1003 2390 possit,
1043 2297 1212 2388 planum
1203 2277 1292 2372 facit,

236 2403 302 2471 hoc
336 2425 472 2470 carmon
499 2403 619 2474 Alcaei
653 2429 737 2496 opus
768 2405 980 2484 habendum,
1025 2413 1060 2468 et
1091 2381 1293 2466 Scholiastaa

185 2509 187 2516 ’
236 2511 432 2578 auctoritate
459 2509 512 2581 illi
539 2511 666 2578 auctori
698 2537 771 2580 esse
795 2509 1047 2579 vindicandum.
1097 2507 1162 2574 His
1192 2528 1293 2591 argu-

171 2683 174 2694 ,
236 2605 362 2682 mentia
385 2615 604 2684 Thierschius
632 2619 831 2685 sententiam
853 2625 948 2684 suam
980 2611 1135 2703 probavit
1163 2611 1294 2678 idoneis

236 2720 419 2802 iudicibus,
452 2719 664 2789 Boeckhio
652 2747 691 2790 m
711 2729 861 2788 Muscam
882 2727 939 2786 der
960 2723 1293 2786 Altertlznmsusissen-

237 2829 350 2912 sebast
370 2827 422 2904 II,
447 2845 479 2894 a.
508 2849 542 2915 p.
567 2829 639 2914 175.
667 2839 703 2893 et
728 2827 933 2893 Heindorfio
959 2827 1001 2892 ad
1031 2805 1152 2891 Horat.
1182 2823 1291 2888 Serm.

237 2957 270 3023 p.
292 2935 364 3001 103·
406 2931 478 3020 Ego
501 2955 585 2997 vero
605 2955 671 3022 pro
692 2933 876 2999 Theocrito
897 2932 1036 3020 quidem
1055 2929 1210 2996 carminis
1232 2949 1294 2992 an-

238 3051 331 3104 ctore
346 3061 417 3104 non
433 3059 564 3148 pugn03
583 3060 796 3126 quamquam,
811 3040 899 3126 qnod
917 3040 958 3106 de
972 3061 1036 3104 usu
1051 3034 1295 3123 dialecti-pere-

238 3143 356 3232 grinae
371 3133 456 3212 dixit
470 3142 537 3210 Vir
552 3143 603 3210 Cl
619 3145 653 3210 id
671 3167 714 3210 ne
731 3147 784 3210 de
782 3143 1028 3232 antiquioribus
1051 3141 1188 3229 quidem
1209 3161 1294 3228 poe-

237 3251 280 3316 tis
301 3249 427 3336 graecis
449 3261 526 3316 ante
547 3251 740 3317 Alexandri
762 3263 904 3317 aetatem
924 3268 1045 3318 verum
1067 3269 1138 3313 esse
1160 3244 1293 3311 videtur

238 3356 324 3442 (vid.
344 3355 472 3423 Jacobs.
497 3355 607 3422 Praef-
630 3357 670 3422 ad
688 3349 830 3424 Anthol
846 3355 918 3422 Pal.
940 3376 973 3443 p
964 3321 1156 3436 XLIV),
1185 3347 1292 3414 multo

236 3462 358 3528 minus
377 3461 422 3526 de
449 3459 711 3542 Alexandrinis,
749 3462 917 3550 siquidem
946 3458 1049 3525 etiam
1076 3458 1166 3524 inter
1187 3454 1294 3521 Calli-

237 3565 350 3633 fnachi
370 3567 536 3655 hymnos,
571 3569 685 3634 Ionica
708 3591 768 3634 seu
792 3566 907 3636 verius
930 3565 1024 3654 opica
1045 3563 1187 3646 dialecto
1209 3559 1293 3626 scri·

238 3683 333 3760 ptos,
376 3672 525 3761 hymnus
553 3675 590 3742 in
619 3674 793 3742 lavacrum
818 3673 962 3740 Palladia
993 3671 1155 3739 Doricam
1184 3667 1293 3742 habet,

238 3799 376 3844 carmen
397 3789 509 3845 autern
525 3772 577 3848 58.
596 3781 686 3845 inter
698 3778 919 3859 Theocritea‚
942 3780 984 3846 de
1002 3801 1068 3867 quo
1082 3776 1191 3857 infra,
1213 3793 1293 3838 aeo-

236 3882 358 3964 licam3
380 3882 508 3950 Alcaeo
523 3896 634 3951 autem
647 3885 862 3952 tribuendum
878 3909 948 3952 essa
963 3905 1116 3964 carmen,
1138 3877 1293 3972 pluribus

167 3992 170 4007 '
238 3987 280 4056 de
302 3988 409 4056 causis
428 4011 498 4058 non
513 3989 675 4072 adducor,
698 3992 907 4064 monadem
942 3995 1087 4058 Primum
1107 3987 1198 4054 enim
1222 3981 1295 4054 dias
