2842 4558
789 265 816 338 2

272 453 383 510 tacum
406 441 506 507 etiarn
530 451 563 508 et
583 445 686 534 armis
707 457 741 513 et
762 445 921 518 conviciis
952 475 1123 543 aggressus
1152 470 1201 524 est
1237 461 1328 544 (vid.

271 547 314 614 fr.
335 545 383 613 V.
404 543 503 628 Vt.);
535 569 554 612 a
582 570 648 635 quo
675 573 753 618 eum
774 552 950 641 aliquando
973 571 1123 648 captum,
1143 565 1240 636 sed
1228 589 1328 643 1an-
1308 591 1351 622 -ι
1374 621 1378 630 ,

270 654 398 720 lumem
435 651 609 720 dimissum
647 672 844 726 narraverat
877 662 1109 731 Heraclitus⁶
1115 675 1141 746 ).
1204 669 1328 761 Neque

269 779 352 822 vero
384 767 547 846 tyrannos
575 760 750 828 insectatus
783 787 853 831 esse
882 767 1016 834 videtur
1037 770 1184 840 Alcaeus
1220 779 1327 846 liber-

269 862 345 927 tatis
360 881 473 959 verae
501 864 632 930 sincero
663 890 780 935 amore
801 858 972 938 inc'ensus.
1009 897 1087 940 nam
1115 901 1178 944 nec
1198 881 1326 952 Pittaco

268 967 444 1054 quisquam
472 980 634 1057 potestate
661 973 701 1040 ad
730 997 765 1042 se
799 977 907 1044 delata
936 979 1141 1048 moderatius
1175 1010 1326 1076 unquam

267 1095 347 1140 usus
370 1084 438 1153 est,
473 1075 531 1159 qui
552 1077 738 1168 imperium
767 1085 964 1172 perdecem
986 1097 1116 1154 tantum
1137 1113 1242 1157 anuos
1268 1120 1327 1162 re-

181 1235 185 1242 .
267 1177 383 1260 tinuit,
417 1181 589 1270 republica
612 1185 763 1253 ordinate
785 1201 902 1276 sponte
925 1191 1096 1282 deposuit,
1124 1207 1156 1271 et
1178 1197 1326 1271 Alcaeus

140 1354 144 1362 ¹
266 1285 338 1379 ipse
360 1309 380 1354 a
399 1309 517 1354 rerum
537 1313 704 1356 novarum
726 1295 837 1359 studio
859 1291 928 1361 noh
952 1299 1153 1366 abhorrebat
1168 1305 1214 1382 ⁷).

354 1391 457 1478 Quod
486 1393 649 1460 Horatius
678 1396 720 1464 de
747 1397 883 1468 Lucilio
914 1402 978 1481 ait,
1011 1404 1111 1472 illum
1138 1413 1224 1472 celat
1236 1415 1324 1490 fidis

269 1519 396 1562 arcana
416 1501 608 1562 'sodalibus'
624 1503 701 1563 olim
718 1503 825 1576 ,libris
852 1509 1043 1586 credidisse,
1080 1537 1143 1597 quc
1176 1517 1321 1596 fectum,

267 1618 304 1666 ut
323 1607 427 1665 omnis
446 1607 520 1666 cita
541 1609 626 1686 senis
646 1609 747 1671 veluti
772 1615 886 1674 votiva
914 1615 1080 1698 descripta
1109 1619 1231 1682 tabella
1254 1646 1326 1703 pa-

252 1689 349 1770 'teret
366 1705 416 1799 ⁸),
438 1705 594 1790 idemus
608 1709 736 1785 Alcaeo
759 1735 802 1780 ex
816 1712 1023 1782 Aristoxeno
1043 1735 1158 1787 narrat
1179 1725 1222 1789 ad
1244 1751 1326 1794 eum

265 1809 380 1878 locum
407 1797 544 1893 Acroh,
579 1836 657 1880 eum
687 1827 721 1880 et
747 1817 1001 1914 Anacreontem
1029 1820 1125 1886 libris
1153 1827 1219 1892 suis
1247 1833 1326 1898 vico

265 1914 453 1982 amicornm
474 1939 551 1983 usos
573 1939 644 1982 csse
659 1917 703 2004 9).
760 1918 868 2005 igitur
894 1940 1111 2010 quaecunque
1141 1930 1173 1991 ei
1192 1932 1325 2003 ,in-vita

264 2019 483 2100 accidebant,
498 2022 568 2088 sive
589 2023 693 2098 laeta,
716 2021 788 2087 sive
809 2023 934 2107 tristia,
955 2049 994 2092 ea
1015 2029 1223 2100 carminibus·
1239 2059 1324 2123 per·
1394 2065 1395 2078 ι

190 2154 194 2162 ’
265 2127 480 2214 sequebatur,
508 2129 719 2218 proeliorum
742 2127 934 2196 discrimina
955 2143 988 2198 et
1010 2134 1119 2202 exsilii
1140 2140 1322 2218 molestias,
1394 2125 1395 2138 ¹

265 2233 422 2302 convivia
444 2246 478 2302 et
496 2258 638 2302 amores.
700 2231 798 2298 Ser]
786 2232 954 2322 imprimis
974 2238 1100 2326 magni
1113 2243 1322 2312 habebantur
1394 2267 1395 2272 ¹

265 2337 416 2416 carmina
436 2323 493 2416 eal,
524 2339 643 2427 quibus
664 2336 794 2428 proelia
816 2339 998 2420 cecinerat,
1030 2354 1063 2410 et
1085 2369 1225 2415 suorum
1245 2351 1322 2416 eni·
1371 2373 1395 2414 A

332 2610 511 2668 hauddubie
533 2614 683 2678 commoti,
709 2591 869 2667 retulissent
890 2631 951 2670 sese
974 2617 1074 2676 elatius
1097 2637 1207 2690 gerere,
1230 2625 1321 2678 maio-

333 2717 433 2772 resque
450 2713 581 2770 appetere
597 2719 661 2765 res,
684 2705 736 2758 cul
753 2703 865 2770 subito,
881 2720 912 2756 re
932 2706 1085 2773 incognita,
1101 2719 1214 2764 auctore
1229 2713 1320 2779 inpri-

287 2787 292 2792 ’
331 2792 386 2843 mis
403 2788 528 2851 Pittaco,
545 2793 667 2858 imperio
685 2807 715 2846 se
731 2791 883 2848 abdicare
874 2810 991 2870 russum,
1009 2811 1202 2904 tisanamque
1222 2815 1321 2854 rerum

332 2877 422 2932 eidem
438 2875 547 2932 Pittaco
564 2877 703 2932 traditam

297 2965 425 3036 61Diog.
443 2966 475 3022 L
494 2967 518 3030 1,
537 2963 578 3035 76.
604 2963 646 3021 ef.
665 2965 757 3023 Valet.
775 2965 854 3023 Max
872 2970 926 3034 IV,
945 2972 972 3024 Ι.
999 2982 1058 3027 ext.
1078 2967 1129 3021 6.

297 3055 323 3125 7)
341 3056 441 3116 Strabo
459 3056 546 3112 XIII.
569 3069 599 3123 p.
617 3071 679 3124 9¹7·
696 3056 736 3112 D.

296 3145 338 3210 8,
343 3144 432 3204 Sertis.
450 3147 493 3211 II,
515 3161 538 3209 ι,
557 3143 603 3198 30.

256 3255 258 3262 ·
296 3233 322 3302 9)
341 3232 382 3289 Cf.
398 3233 534 3304 synesius
551 3229 611 3288 de
601 3249 721 3288 ιιιιοιιιιι.
714 3251 767 3304 ..p
783 3235 841 3288 156.
860 3233 987 3290 τοιοῦτοι
1004 3233 1060 3309 ὅρα
1075 3233 1124 3293 ccii
1136 3237 1190 3308 μὲν
1201 3237 1316 3311 αιῗχμόι,

329 3318 452 3392 ἕπομβρί
451 3342 470 3376 οι
440 3317 517 3376 tit
538 3319 638 3384 λέξεων
654 3317 718 3376 voris
736 3315 904 3394 ἀνθρώπους
921 3327 1060 3393 κατέσχεν,
1079 3322 1116 3380 aie
1135 3325 1208 3381 εἶναι
1225 3327 1315 3396 τινὰς,

259 3421 264 3482 j
326 3414 356 3465 ci
351 3404 501 3497 chicmae
513 3409 613 3482 λέγειν,
633 3403 684 3465 οὔκ
701 3407 843 3480 ἔχοντιι“
825 3432 840 3464 c
855 3431 884 3465 τι
901 3408 945 3466 δεῖ
959 3413 1059 3485 λέγειν,
1078 3411 1140 3470 δέον
1158 3411 1316 3472 ἀπολαύειν

327 3489 451 3564 ἑαυτῶν,
475 3493 568 3570 ὥσπερ
586 3493 714 3554 Ἀλκαῖῦι
731 3519 763 3554 τι
786 3507 834 3556 καὶ
856 3493 1030 3580 Ἀρχίλοχος,
1055 3505 1086 3558 οἳ
1107 3501 1322 3574 δεδαπανήκασι·

328 3581 382 3656 τὴν
399 3579 532 3656 tricentur
549 3606 587 3644 ιιι
603 3585 654 3644 τὸν
671 3583 773 3644 οἰκεῖοι
792 3589 885 3662 ‘ilus‘
871 3585 1007 3700 sucirepos‚
1032 3599 1080 3648 καὶ
1097 3599 1190 3648 τοίνυν
1206 3615 1224 3662 η
1217 3588 1314 3646 ’-δια

327 3669 394 3744 iezi}
421 3670 472 3730 curi
496 3670 596 3747 χρόνον
623 3675 705 3747 τηρεῖ
727 3673 780 3747 τὴν
805 3674 929 3756 μνήμην
945 3671 985 3734 ιιι
1002 3701 1034 3737 τι
1051 3676 1242 3755 ἤλγησαν,
1218 3701 1258 3736 ιιι
1266 3701 1313 3747 τι

326 3757 460 3833 ἥσθησαν
481 3784 508 3820 ιι.
524 3783 550 3820 τ.
570 3763 597 3820 i.
615 3783 739 3837 quorum
755 3780 865 3839 pectem
881 3770 1026 3842 adscripsit
1043 3775 1185 3831 Liebclius
1202 3772 1312 3830 Comm.

325 3851 361 3906 de
377 3851 485 3908 Arcuit
503 3872 530 3924 p.
550 3857 592 3910 14.
608 3867 667 3912 ιιοι
686 3855 714 3912 b.
730 3869 764 3911 ut
779 3857 928 3927 probaret,
946 3862 1034 3918 Arch.
1055 3873 1172 3933 propter
1188 3877 1312 3930 pauper·

260 3965 263 3972 ⁴
326 3951 412 3996 tatem
428 3943 533 3999 Parum
556 3945 703 4018 reliquisse
725 3959 756 4003 et
778 3951 811 4002 in
835 3949 962 4008 Thasum
978 3955 1137 4021 emigrasse.
1155 3983 1159 3991 =
1178 3949 1234 4008 Sed
1251 3953 1313 4021 ejus

325 4032 368 4086 rei
383 4033 496 4088 nullum
511 4037 543 4088 in
563 4050 598 4090 eo
615 4037 680 4092 loco
698 4041 851 4110 vestigium
868 4045 988 4112 reperio.
