2842 4558
694 276 725 330 v
785 347 787 354 .

89 401 93 408 ι
190 452 275 515 tione
297 449 451 534 disposui,
487 455 518 510 et
540 444 665 508 adiectis
685 441 762 540 W.
783 439 859 508 DD.
884 445 1133 534 annotationibus
1162 451 1238 512 iliu·
1342 435 1343 440 ἵ

190 563 303 665 maii,
326 585 453 648 damen
477 581 560 645 nihil
577 585 641 646 fere
660 580 783 661 addidi,
807 583 936 645 vudnara
956 593 1076 664 autem,
1103 588 1241 672 reliquiis

191 725 256 786 illis
272 724 310 783 ab
324 722 496 802 ignorantia
514 731 546 782 et
564 720 752 800 negligentia
770 689 969 784 ,librariorum
987 721 1103 788 inflicta
1125 721 1243 784 nudari
1259 785 1263 790 ,

193 841 291 940 mogh
304 869 335 919 et
346 858 495 940 patefeci,
516 875 613 942 qnam
625 857 742 917 emavi.
786 849 903 942 Inque
917 853 998 916 illud
1012 868 1135 936 umen,
1164 877 1244 942 quae
1273 901 1275 906 -

197 989 325 1058 Tuaeet
345 995 500 1080 aequites,
522 993 693 1074 reputabis,
720 954 903 1076 plerumque
925 993 968 1054 ita
983 993 1097 1055 laceras
1112 1006 1144 1058 et
1159 997 1245 1058 omni
1293 957 1298 966 1
1323 986 1327 995 “

195 1151 282 1194 nexu
297 1096 412 1194 solutes
426 1150 508 1206 esse,
529 1139 565 1189 ut
582 1105 713 1189 aliorum
727 1139 905 1211 poetarum,
927 1129 971 1190 sio
990 1125 1103 1192 Alcaei
1122 1151 1256 1217 quoque.

195 1219 342 1353 reliquias
358 1287 413 1328 seu
428 1217 597 1346 fragmenta
611 1285 691 1350 qnae
711 1265 805 1346 volgo
818 1255 945 1343 vocant,
966 1276 1019 1343 ut,
1047 1287 1127 1352 quae
1141 1291 1248 1330 aarum

194 1367 350 1467 sententia
361 1369 454 1462 fherit
468 1393 521 1464 vel
531 1399 615 1484 quod
628 1379 861 1462 consiliumvix
871 1379 972 1485 ‘queas
988 1401 1144 1486 dispicere.
1182 1400 1247 1468 Ita-

200 1495 380 1626 que,¹qnid
399 1538 495 1599 scribi·
507 1539 655 1620 pouserit,
676 1537 797 1618 saepius
815 1557 880 1598 non
903 1535 980 1598 adeo
998 1537 1120 1624 difficile
1137 1553 1183 1602 est
1196 1544 1248 1604 in-

199 1635 324 1752 venire,
350 1677 566 1753 coniecturas,
600 1693 680 1756 quae
700 1671 798 1734 solido
822 1675 927 1756 aliquo
947 1673 1150 1738 ftmdamento
1172 1700 1267 1740 con-⁴

200 1791 324 1874 entua'e
345 1811 413 1870 reri
434 1812 568 1893 speciem
589 1808 740 1888 habeant,
778 1809 913 1890 proferre
935 1812 989 1872 rix
1008 1813 1091 1872 licet.
1142 1809 1249 1892 Quare

200 1948 273 2010 satis
288 1946 401 2024 habui,
423 1966 476 2024 ea,
498 1967 577 2030 quae
593 1947 631 2007 ab
647 1946 713 2006 aliis
730 1943 771 2005 ad
787 1913 847 2007 hau¹
859 1947 1003 2030 reliquias
1019 1949 1070 2010 rel
1090 1950 1257 2014 illustrem-¹

202 2085 257 2148 das
269 2084 322 2146 rel
339 2081 546 2144 emendandas
566 2083 678 2156 collata
694 2095 798 2162 erant,
820 2039 982 2164 diligenter
1002 2084 1186 2166 adscribere,
1205 2049 1250 2150 ita

202 2234 241 2282 nt
256 2221 294 2281 de
309 2215 347 2282 iis
366 2218 526 2280 iudicandi
541 2231 723 2301 potestatem
740 2220 806 2280 aliis
827 2221 1049 2306 relinquerem,
1078 2201 1180 2305 iisque
1196 2228 1251 2308 qui

205 2355 283 2417 haec
296 2358 407 2416 lecturi
422 2366 525 2415 essent
542 2358 801 2436 opportunitatem
821 2355 965 2428 offerrem
975 2363 1056 2416 no'va
1072 2359 1248 2448 quaerendi,
1359 2357 1360 2366 ’

206 2512 287 2578 qnae
301 2513 391 2572 saepe
405 2499 469 2551 noir
482 2502 547 2552 tam
562 2490 681 2552 assidua
692 2489 891 2553 meditatione
900 2491 1134 2572 emundantur,
1156 2517 1251 2579 quam
1369 2517 1374 2523 ·

205 2631 291 2689 felici
316 2631 421 2712 aliquo
444 2629 562 2708 ingenii
589 2629 709 2708 impetu
734 2626 770 2688 et'
794 2629 881 2712 quasi
911 2627 1015 2688 afflatu
1039 2610 1250 2694 effunduntur.

207 2763 296 2830 Ordo
316 2778 419 2826 autern
435 2765 693 2856 fragmentorum,
724 2785 818 2850 quem
835 2767 970 2842 institui,
998 2766 1169 2828 secundmn
1184 2790 1252 2830 car-

205 2905 328 2966 minum
350 2923 463 2983 genera
485 2923 521 2962 ea
544 2899 726 2982 disponens,
759 2901 928 2988 ia'pilefieri
946 2913 1045 2983 potest
1060 2906 1144 2964 utin
1166 2925 1253 2972 earn-
1347 2927 1351 2938 ¹

207 3036 279 3100 dem
294 3037 565 3120 reprehensionem
581 3037 772 3115 adducatur,
787 3057 897 3122 quam
916 3039 1154 3120 fragmentorem
1168 3038 1253 3104 Phe-

206 3139 324 3254 recydis
341 3194 358 3234 a
378 3195 429 3235 me
451 3176 486 3234 in
498 3171 614 3239 Wolffi
626 3167 785 3235 Analectis
806 3171 898 3236 Tom.
916 3167 943 3238 l.
964 3195 997 3256 p.
1014 3181 1074 3236 321
1092 3197 1159 3258 sqq.
1182 3187 1253 3236 ten-

208 3319 273 3368 tata
286 3309 449 3393 dispositio.
495 3306 601 3390 Quam
616 3303 715 3394 quum
722 3310 762 3370 id
778 3331 900 3392 agerem
919 3323 955 3372 ut
976 3331 1017 3372 ex
1032 3315 1119 3386 cortis
1134 3309 1254 3372 indiciis
1303 3329 1310 3346 ·

211 3444 400 3505 instituerem
422 3459 453 3508 et
471 3429 622 3528 profectus
642 3466 660 3506 a
681 3445 874 3526 fragmentis,
906 3468 985 3532 quae
1007 3467 1079 3508 oum
1096 3449 1167 3507 libri
1181 3460 1260 3517 nota

210 3599 230 3638 a
251 3571 463 3642 Grammaticis
487 3585 591 3644 aliisve
613 3583 808 3663 scriptoribus
828 3583 1027 3662 afferrentur,
1056 3576 1129 3644 cnm
1148 3581 1197 3642 his
1220 3605 1255 3644 ea

211 3717 448 3794 conjungerem,
473 3739 552 3802 quae
572 3721 624 3780 rel
645 3740 662 3778 e
685 3723 842 3780 communi
860 3724 1006 3782 omnium
1027 3719 1079 3782 rel
1101 3740 1118 3778 e
1138 3715 1255 3782 Phere-

211 3851 297 3932 cydis
325 3855 499 3914 narratione
525 3855 688 3914 mensurio
715 3877 786 3916 oum
810 3859 847 3918 iis
881 3855 1042 3918 cohaerere
1068 3854 1257 3934 riderentur,

214 3983 353 4050 Senatus
374 4001 479 4054 temen
500 3993 533 4051 in
554 4009 635 4051 nora
656 3991 895 4071 fragmentorum
915 3988 1102 4074 Pherecydis
1125 3987 1257 4054 editione
